@article{ahn_etal10,
  title={Link communities reveal multiscale complexity in networks},
  author={Ahn, Yong-Yeol and Bagrow, James P and Lehmann, Sune},
  journal={nature},
  volume={466},
  number={7307},
  pages={761--764},
  year={2010},
  publisher={Nature Publishing Group}
}

@article{prieur2013emerging,
  title={Emerging forms of cultural capital},
  author={Prieur, Annick and Savage, Mike},
  journal={European societies},
  volume={15},
  number={2},
  pages={246--267},
  year={2013},
  publisher={Taylor \& Francis}
}

@INCOLLECTION{Hield2014-xe,
  title     = "Tastes, ties and social space: Exploring Sheffield's folk
               singing world",
  booktitle = "Social Networks and Music Worlds",
  author    = "Hield, Fay and Crossley, Nick",
  publisher = "Routledge",
  pages     = "213--240",
  year      =  "2014"
}


@ARTICLE{Van_Poecke2018,
  title   = "Pure taste in popular music: The social construction of indie-folk
             as a performance of ``poly-purism''",
  author  = "van Poecke, Niels",
  journal = "American Journal of Cultural Sociology",
  volume  =  6,
  number  =  3,
  pages   = "499--531",
  year    =  2018
}


@article{willekens2022cultural,
  title={Cultural logics and modes of consumption: unraveling the multiplicity of symbolic distinctions among concert audiences},
  author={Willekens, Mart and Daenekindt, Stijn},
  journal={Musicae Scientiae},
  volume={26},
  number={1},
  pages={24--45},
  year={2022}
}

@article{lahire2008individual,
  title={The individual and the mixing of genres: Cultural dissonance and self-distinction},
  author={Lahire, Bernard},
  journal={poetics},
  volume={36},
  number={2-3},
  pages={166--188},
  year={2008},
  publisher={Elsevier}
}


@incollection{Rosch1978-ue,
  title     = "Principles of categorization",
  booktitle = "Cognition and categorization",
  author    = "Rosch, Eleanor",
  editor    = "Rosch, Eleanor and Lloyd, Barbara Bloom",
  publisher = "Lawrence Erlbaum Associates",
  pages     = "27--48",
  year      =  1978,
  address   = "Hillsdale, NJ"
}


@article{boutyline2017improving,
  title={Improving the measurement of shared cultural schemas with correlational class analysis: Theory and method},
  author={Boutyline, Andrei},
  journal={Sociological Science},
  volume={4},
  number={15},
  pages={353--393},
  year={2017},
  publisher={Society for Sociological Science}
}

@article{hesmondhalgh2005subcultures,
  title={Subcultures, scenes or tribes? None of the above},
  author={Hesmondhalgh, David},
  journal={Journal of youth studies},
  volume={8},
  number={1},
  pages={21--40},
  year={2005}
 }


@BOOK{Holt2007,
  title     = "Genre in Popular Music",
  author    = "Holt, Fabian",
  publisher = "University of Chicago Press",
  year      =  2007
}


@BOOK{Lena2012,
  title     = "Banding Together: How Communities Create Genres in Popular Music",
  author    = "Lena, Jennifer C",
  publisher = "Princeton University Press",
  year      =  2012
}


@article{ward63,
  title={Hierarchical grouping to optimize an objective function},
  author={Ward, Joe H},
  journal={Journal of the American statistical association},
  volume={58},
  number={301},
  pages={236--244},
  year={1963},
  publisher={Taylor \& Francis}
}

@incollection{mohr2015formal,
  title={Formal methods of cultural analysis},
  author={Mohr, John W and Rawlings, Craig},
  booktitle={International encyclopedia of the social \& behavioral sciences},
  pages={357--367},
  year={2015}
}

@article{mutzel2020duality,
  title={Duality beyond persons and groups},
  author={M{\"u}tzel, Sophie and Breiger, Ronald},
  journal={The Oxford Handbook of Social Networks},
  pages={392},
  year={2020},
  publisher={Oxford University Press}
}

@incollection{mohr2020,
  title={Measuring culture},
  author={Mohr, John W and Bail, Christopher A and Frye, Margaret and Lena, Jennifer C and Lizardo, Omar and McDonnell, Terence E and Mische, Ann and Tavory, Iddo and Wherry, Frederick F},
  booktitle={Measuring Culture},
  year={2020},
  publisher={Columbia University Press}
}

@book{frith1987,
  title     = {Art Into Pop},
  author    = {Frith, Simon and Horne, Howard},
  publisher = {Methuen},
  year      =  {1987}
}

@article{becue-bertaut_pages08,
  title={Multiple factor analysis and clustering of a mixture of quantitative, categorical and frequency data},
  author={B{\'e}cue-Bertaut, M{\'o}nica and Pag{\`e}s, J{\'e}r{\^o}me},
  journal={Computational Statistics \& Data Analysis},
  volume={52},
  number={6},
  pages={3255--3268},
  year={2008},
  publisher={Elsevier}
}

@article{borgatti_everett97,
  title={Network analysis of 2-mode data},
  author={Borgatti, Stephen P and Everett, Martin G},
  journal={Social networks},
  volume={19},
  number={3},
  pages={243--270},
  year={1997},
  publisher={Pittsburgh}
}

@book{bourdieu84,
  title={Distinction: A social critique of the judgement of taste},
  author={Bourdieu, Pierre},
  year={1984},
  publisher={Harvard university press}
}

@article{breiger74,
  title={The duality of persons and groups},
  author={Breiger, Ronald L},
  journal={Social forces},
  volume={53},
  number={2},
  pages={181--190},
  year={1974},
}

@article{evans_lambiotte09,
  title={Line graphs, link partitions, and overlapping communities},
  author={Evans, TS and Lambiotte, Renaud},
  journal={Physical Review E},
  volume={80},
  number={1},
  pages={016105},
  year={2009},
  publisher={APS}
}

@article{flemmen_etal18,
  title={Social space and cultural class divisions: the forms of capital and contemporary lifestyle differentiation},
  author={Flemmen, Magne and Jarness, Vegard and Rosenlund, Lennart},
  journal={The British journal of sociology},
  volume={69},
  number={1},
  pages={124--153},
  year={2018},
  publisher={Wiley Online Library}
}
@article{chan_goldthorpe07,
  title={Social stratification and cultural consumption: The visual arts in England},
  author={Chan, Tak Wing and Goldthorpe, John H},
  journal={Poetics},
  volume={35},
  number={2-3},
  pages={168--190},
  year={2007},
  publisher={Elsevier}
}

@book{greenacre_blasius06,
  title={Multiple correspondence analysis and related methods},
  author={Greenacre, Michael and Blasius, Jorg},
  year={2006},
  publisher={CRC press}
}

@article{kremp10,
  title={Innovation and selection: Symphony orchestras and the construction of the musical canon in the United States (1879--1959)},
  author={Kremp, Pierre-Antoine},
  journal={Social Forces},
  volume={88},
  number={3},
  pages={1051--1082},
  year={2010},
  publisher={The University of North Carolina Press}
}

@article{kalinka_tomancak11,
  title={linkcomm: an R package for the generation, visualization, and analysis of link communities in networks of arbitrary size and type},
  author={Kalinka, Alex T and Tomancak, Pavel},
  journal={Bioinformatics},
  volume={27},
  number={14},
  pages={2011--2012},
  year={2011},
  publisher={Oxford University Press}
}

@article{king_etal00,
  title={Making the most of statistical analyses: Improving interpretation and presentation},
  author={King, Gary and Tomz, Michael and Wittenberg, Jason},
  journal={American journal of political science},
  pages={347--361},
  year={2000},
  publisher={JSTOR}
}

@article{le_etal08,
  title={FactoMineR: an R package for multivariate analysis},
  author={L{\^e}, S{\'e}bastien and Josse, Julie and Husson, Fran{\c{c}}ois and others},
  journal={Journal of statistical software},
  volume={25},
  number={1},
  pages={1--18},
  year={2008},
  publisher={Los Angeles}
}

@book{leroux_rouanet04,
  title={Geometric data analysis: from correspondence analysis to structured data analysis},
  author={Le Roux, Brigitte and Rouanet, Henry},
  year={2004},
  publisher={Springer Science \& Business Media}
}

@article{lizardo_skiles15,
  title={Musical taste and patterns of symbolic exclusion in the United States 1993--2012: Generational dynamics of differentiation and continuity},
  author={Lizardo, Omar and Skiles, Sara},
  journal={Poetics},
  volume={53},
  pages={9--21},
  year={2015},
  publisher={Elsevier}
}

@article{lizardo_skiles16,
  title={Cultural objects as prisms: Perceived audience composition of musical genres as a resource for symbolic exclusion},
  author={Lizardo, Omar and Skiles, Sara},
  journal={Socius},
  volume={2},
  pages={2378023116641695},
  year={2016},
  publisher={SAGE Publications Sage CA: Los Angeles, CA}
}

@article{lizardo14,
  title={Omnivorousness as the bridging of cultural holes: A measurement strategy},
  author={Lizardo, Omar},
  journal={Theory and Society},
  volume={43},
  number={3-4},
  pages={395--419},
  year={2014},
  publisher={Springer}
}

@article{lizardo18,
  title={The mutual specification of genres and audiences: Reflective two-mode centralities in person-to-culture data},
  author={Lizardo, Omar},
  journal={Poetics},
  volume={68},
  pages={52--71},
  year={2018},
  publisher={Elsevier}
}

@article{miller2016gender,
  title={Gender, field, and habitus: How gendered dispositions reproduce fields of cultural production},
  author={Miller, Diana L},
  journal={Sociological Forum},
  volume={31},
  number={2},
  pages={330--353},
  year={2016},
}

@book{lopes02,
  title={The rise of a jazz art world},
  author={Lopes, Paul},
  year={2002},
  publisher={Cambridge University Press}
}

@article{peterson83,
  title={Patterns of cultural choice: A prolegomenon},
  author={Peterson, Richard A},
  journal={American Behavioral Scientist},
  volume={26},
  number={4},
  pages={422--438},
  year={1983},
  publisher={Sage Publications}
}

@article{peterson92,
  title={Understanding audience segmentation: From elite and mass to omnivore and univore},
  author={Peterson, Richard A},
  journal={Poetics},
  volume={21},
  number={4},
  pages={243--258},
  year={1992},
  publisher={North-Holland}
}

@article{peterson_kern96,
  title={Changing highbrow taste: From snob to omnivore},
  author={Peterson, Richard A and Kern, Roger M},
  journal={American sociological review},
  pages={900--907},
  year={1996},
  publisher={JSTOR}
}

@article{roose_etal12,
  title={Culture of distinction or culture of openness? Using a social space approach to analyze the social structuring of lifestyles},
  author={Roose, Henk and Van Eijck, Koen and Lievens, John},
  journal={Poetics},
  volume={40},
  number={6},
  pages={491--513},
  year={2012},
  publisher={Elsevier}
}

@article{savage_gayo11,
  title={Unravelling the omnivore: A field analysis of contemporary musical taste in the United Kingdom},
  author={Savage, Mike and Gayo, Modesto},
  journal={Poetics},
  volume={39},
  number={5},
  pages={337--357},
  year={2011},
  publisher={Elsevier}
}

@article{vaneijck01,
  title={Social differentiation in musical taste patterns},
  author={Van Eijck, Koen},
  journal={Social forces},
  volume={79},
  number={3},
  pages={1163--1185},
  year={2001},
  publisher={The University of North Carolina Press}
}

@article{pachucki2010cultural,
  title={Cultural holes: Beyond relationality in social networks and culture},
  author={Pachucki, Mark A and Breiger, Ronald L},
  journal={Annual review of sociology},
  volume={36},
  pages={205--224},
  year={2010},
  publisher={Annual Reviews}
}

@article{bryson96,
  title={" Anything but Heavy Metal": symbolic exclusion and musical dislikes},
  author={Bryson, Bethany},
  journal={American sociological review},
  volume={61},
  number={5},
  pages={884--899},
  year={1996},
}

@article{borgatti11,
  title={On network theory},
  author={Borgatti, Stephen P and Halgin, Daniel S},
  journal={Organization science},
  volume={22},
  number={5},
  pages={1168--1181},
  year={2011},
  publisher={INFORMS}
}

@article{goldberg2011mapping,
  title={Mapping shared understandings using relational class analysis: The case of the cultural omnivore reexamined},
  author={Goldberg, Amir},
  journal={American journal of sociology},
  volume={116},
  number={5},
  pages={1397--1436},
  year={2011},
  publisher={University of Chicago Press Chicago, IL}
}

@article{boutyline2017belief,
  title={Belief network analysis: A relational approach to understanding the structure of attitudes},
  author={Boutyline, Andrei and Vaisey, Stephen},
  journal={American journal of sociology},
  volume={122},
  number={5},
  pages={1371--1447},
  year={2017},
  publisher={University of Chicago Press Chicago, IL}
}

@article{dimaggio1987classification,
  title={Classification in art},
  author={DiMaggio, Paul},
  journal={American sociological review},
  pages={440--455},
  year={1987},
  publisher={JSTOR}
}

@article{lena2015relational,
  title={Relational approaches to the sociology of music},
  author={Lena, Jennifer C},
  journal={Routledge International Handbook of the Sociology of Art and Culture. New York: Routledge},
  pages={149--160},
  year={2015}
}

@article{vlegels2017music,
  title={Music classification, genres, and taste patterns: A ground-up network analysis on the clustering of artist preferences},
  author={Vlegels, Jef and Lievens, John},
  journal={Poetics},
  volume={60},
  pages={76--89},
  year={2017},
  publisher={Elsevier}
}

@article{rossman2004elites,
  title={Elites, masses, and media blacklists: The Dixie Chicks controversy},
  author={Rossman, Gabriel},
  journal={Social Forces},
  volume={83},
  number={1},
  pages={61--79},
  year={2004},
  publisher={The University of North Carolina Press}
}

@article{vlegels2015music,
  title={Music genres as historical artifacts: The case of classical music},
  author={Vlegels, Jef and Lievens, John},
  journal={Connections},
  volume={35},
  number={1},
  pages={53--62},
  year={2015}
}

@article{sonnett2016ambivalence,
  title={Ambivalence, indifference, distinction: A comparative netfield analysis of implicit musical boundaries},
  author={Sonnett, John},
  journal={Poetics},
  volume={54},
  pages={38--53},
  year={2016},
  publisher={Elsevier}
}

@article{marsden1994conceptualizing,
  title={Conceptualizing and measuring culture in surveys: Values, strategies, and symbols},
  author={Marsden, Peter V and Swingle, Joseph F},
  journal={Poetics},
  volume={22},
  number={4},
  pages={269--289},
  year={1994},
  publisher={Elsevier}
}

@article{schultz2010strength,
  title={The strength of weak culture},
  author={Schultz, Jennifer and Breiger, Ronald L},
  journal={Poetics},
  volume={38},
  number={6},
  pages={610--624},
  year={2010},
  publisher={Elsevier}
}

@article{okada2017structure,
  title={Structure of Cultural Rejection},
  author={Okada, Sosuke},
  journal={Sociological Perspectives},
  volume={60},
  number={2},
  pages={355--377},
  year={2017},
  publisher={Sage Publications Sage CA: Los Angeles, CA}
}

@article{breiger1976social,
  title={Social structure from multiple networks},
  author={Harrison C White and Scott A Boorman and Breiger, Ronald L},
  journal={American Journal of Sociology},
  volume={81},
  number={4},
  pages={730--780},
  year={1976}
}

@article{bakk2013estimating,
  title={Estimating the association between latent class membership and external variables using bias-adjusted three-step approaches},
  author={Bakk, Zsuzsa and Tekle, Fetene B and Vermunt, Jeroen K},
  journal={Sociological methodology},
  volume={43},
  number={1},
  pages={272--311},
  year={2013},
  publisher={Sage Publications Sage CA: Los Angeles, CA}
} 

@article{tampubolon2008revisiting,
  title={Revisiting omnivores in America circa 1990s: The exclusiveness of omnivores?},
  author={Tampubolon, Gindo},
  journal={Poetics},
  volume={36},
  number={2-3},
  pages={243--264},
  year={2008},
  publisher={Elsevier}
}

@article{han2003unraveling,
  title={Unraveling the brow: What and how of choice in musical preference},
  author={Han, Shin-Kap},
  journal={Sociological Perspectives},
  volume={46},
  number={4},
  pages={435--459},
  year={2003},
  publisher={SAGE Publications Sage CA: Los Angeles, CA}
}